@online{bedini1984,
author = {John Bedini},
title = {The Year is 1984},
url = {http://www.icehouse.net/john1/bearden.html},
OPTurldate = {2015-02-10},
}
@online{kanarev,
author = {Philipp Michailovich Kanarev},
title = {The Foundation of Phischemistry of Micro World, 10th ed},
year = {2008},
url = {http://www.jtresnak.com/upload/prukopnici/monography_kanarev.pdf},
OPTsubtitle = {The manuscript of monography},
OPTurldate = {2015-02-10},
}
@online{peukert,
author = {SmartGauge Electronics},
title = {Peukert in depth},
year = {2013},
url = {http://www.smartgauge.co.uk/peukert_depth.html},
OPTurldate = {2015-02-10},
}
@online{milkovic,
author = {Veljko Milkovic},
title = {Two-Stage Mechanical Oscillator, Pendulum-Lever System},
url = {http://www.veljkomilkovic.com/OscilacijeEng.html},
OPTsubtitle = {A Mechanical Amplifier},
OPTurldate = {2015-02-10},
}
@online{chemtrails,
author = {Dane Wigington},
title = {Youtobe channel},
url = {https://www.youtube.com/user/danewigington},
OPTurldate = {2015-02-10},
}
@online{money,
author = {Mike Maloney},
title = {Hidden Secrets of Money ep 4},
year = {2013},
url = {https://www.youtube.com/watch?v=iFDe5kUUyT0},
OPTsubtitle = {The Biggest Scam In The History Of Mankind},
OPTurldate = {2015-02-10},
}
@online{gravityassisted,
author = {Gravitational Energy Corporation},
title = {Gravity Assisted Power},
year = {2010},
url = {https://www.youtube.com/watch?v=yheVAF-Zrvo},
OPTurldate = {2015-02-10},
}
@online{causevski,
author = {Nikola Causevski},
title = {Over Unity, Free Energy, Spring Oscillator},
year = {2010},
url = {https://www.youtube.com/watch?v=BDQ_lnUo0go},
OPTurldate = {2015-02-10},
}
@online{sarkar,
author = {Kingshuk Sarkar},
title = {Working model on "Gravity Assisted Low Energy Pump" and site demonstration},
year = {2014},
url = {https://www.youtube.com/watch?v=EumMNeAVD-8},
OPTurldate = {2015-02-10},
}
@online{copeland,
author = {John Copeland},
title = {Timing is Everything},
url = {http://www.foxvalleykart.com/timing2.html},
OPTsubtitle = {Basic Kart Ignition Explained},
OPTurldate = {2015-02-10},
}
@online{bartelt,
author = {Terry Bartelt},
title = {The Magnetron Ignition System},
year = {2003},
url = {https://www.wisc-online.com/learn/career-clusters/stem/dce4603/the-magnetron-ignition-system},
OPTurldate = {2015-02-10},
}
@online{marjanovic,
author = {Jovan Marjanovic},
title = {The Secret of Free Energy from the Pendulum},
year = {2011},
url = {http://www.veljkomilkovic.com/Docs/Jovan_Marjanovic_Secret_of_Free_Energy_from_Pendulum.pdf},
OPTurldate = {2015-02-10},
}
@online{magnetron,
author = {Briggs, Stratton},
title = {Ignition System Theory and Testing},
year = {â€¢},
url = {http://www.briggsandstratton.com/eu/en/support/faqs/ignition-system-theory-and-testing},
OPTurldate = {2015-02-10},
}
@online{bearden,
author = {Tom Bearden},
title = {Free Energy Generation},
year = {2006},
url = {http://keychests.com/media/bigdisk/pdfold/595.pdf},
OPTurldate = {2015-02-10},
}
@online{ef1ch,
author = {Hob Nilre},
title = {Masses Combined in Series and in Parallel},
year = {2015},
url = {https://github.com/boherlin/elementary-physics/blob/master/pdf/1-masses-combined-in-series-and-in-parallel.pdf},
OPTurldate = {2015-11-27},
}
@online{ef2ch,
author = {Hob Nilre},
title = {Increasing Momentum or Charge},
year = {2015},
url = {https://github.com/boherlin/elementary-physics/blob/master/pdf/2-increasing-momentum-or-charge.pdf},
OPTurldate = {2015-11-27},
}
@online{ef3ch,
author = {Hob Nilre},
title = {Mechanical Electrical Analogies},
year = {2015},
url = {https://github.com/boherlin/elementary-physics/blob/master/pdf/3-mechanical-electrical-analogies.pdf},
OPTurldate = {2015-11-27},
}
@online{ef4ch,
author = {Hob Nilre},
title = {Increasing Magnetic Flux},
year = {2015},
url = {https://github.com/boherlin/elementary-physics/blob/master/pdf/4-increasing-magnetic-flux.pdf},
OPTurldate = {2015-11-27},
}
@online{ef5ch,
author = {Hob Nilre},
title = {Increasing Electromagnet Force},
year = {2015},
url = {https://github.com/boherlin/elementary-physics/blob/master/pdf/5-increasing-electromagnet-force.pdf},
OPTurldate = {2015-11-27},
}
@book{uniphy,
author = {Hugh D. Young and Roger A. Freedman},
title = {University Physics},
year = {2000},
}
@book{phyhan,
author = {Carl Nordling and Jonny \"Osterman},
title = {Physics Handbook},
year = {2006},
}
@online{wpana,
author = {},
title = {Mechanical-Electrical Analogies},
year = {},
url = {https://en.wikipedia.org/wiki/Mechanical-electrical_analogies},
OPTurldate = {2015},
}
@online{wpind,
author = {},
title = {Inductance formulas},
year = {},
url = {http://en.wikipedia.org/wiki/Inductor#Inductance_formulas},
OPTurldate = {2015},
}
@online{highcap,
author = {Highcap},
title = {Elektromagneter},
year = {},
url = {http://highcap.se/magneter/elektromagneter},
OPTurldate = {2015},
}
@online{wpele,
author = {},
title = {Force exerted by magnetic field},
year = {},
url = {https://en.wikipedia.org/wiki/Electromagnet#Force_exerted_by_magnetic_field},
OPTurldate = {2015},
}
@online{gbet,
author = {Bakshi, U.A. and Bakshi, A.V.},
title = {Electromagnet Theory},
year = {2009},
url = {https://books.google.se/books?id=c369bbFJ1FYC&lpg=PP1&pg=SA7-PA121#v=onepage&q&f=false},
OPTurldate = {2015},
}
@online{jonew,
author = {Joseph Westley Newman},
title = {The Energy Machine of Joseph Newman},
year = {1984},
url = {http://www.free-energy-info.tuks.nl},
OPTurldate = {2015},
}
@online{expdec,
author = {},
title = {Exponential Decay},
year = {},
url = {https://en.wikipedia.org/wiki/Exponential_decay},
OPTurldate = {2015},
}
